[gd_scene load_steps=8 format=2]

[ext_resource path="res://gs_ecs_demos/performance/performance_entity.gd" type="Script" id=1]
[ext_resource path="res://icon.png" type="Texture" id=2]
[ext_resource path="res://asteroids/components/moving.tscn" type="PackedScene" id=3]
[ext_resource path="res://asteroids/components/rotating.tscn" type="PackedScene" id=4]
[ext_resource path="res://asteroids/components/velocity.tscn" type="PackedScene" id=5]
[ext_resource path="res://asteroids/components/wraps.tscn" type="PackedScene" id=6]


[sub_resource type="RectangleShape2D" id=1]

custom_solver_bias = 0.0
extents = Vector2( 28.0248, 25.534 )

[node name="PerformanceEntity" type="Area2D"]

input_pickable = true
gravity_vec = Vector2( 0, 1 )
gravity = 98.0
linear_damp = 0.1
angular_damp = 1.0
audio_bus_override = false
audio_bus_name = "Master"
script = ExtResource( 1 )

[node name="Sprite" type="Sprite" parent="." index="0"]

texture = ExtResource( 2 )

[node name="CollisionShape2D" type="CollisionShape2D" parent="." index="1"]

shape = SubResource( 1 )

[node name="Components" type="Node" parent="." index="2"]

[node name="Moving" parent="Components" index="0" instance=ExtResource( 3 )]

[node name="Rotating" parent="Components" index="1" instance=ExtResource( 4 )]

[node name="Velocity" parent="Components" index="2" instance=ExtResource( 5 )]

SPEED = 10

[node name="Wraps" parent="Components" index="3" instance=ExtResource( 6 )]


