[gd_scene load_steps=8 format=2]

[ext_resource path="res://asteroids/entities/laser.gd" type="Script" id=1]
[ext_resource path="res://asteroids/assets/laserGreen04.png" type="Texture" id=2]
[ext_resource path="res://asteroids/components/laser.tscn" type="PackedScene" id=3]
[ext_resource path="res://asteroids/components/velocity.tscn" type="PackedScene" id=4]
[ext_resource path="res://asteroids/components/moving.tscn" type="PackedScene" id=5]
[ext_resource path="res://asteroids/components/collides.tscn" type="PackedScene" id=6]


[sub_resource type="CircleShape2D" id=1]

custom_solver_bias = 0.0
radius = 7.90999

[node name="Laser" type="Area2D"]

input_pickable = true
gravity_vec = Vector2( 0, 1 )
gravity = 98.0
linear_damp = 0.1
angular_damp = 1.0
collision_layer = 8
collision_mask = 23
audio_bus_override = false
audio_bus_name = "Master"
script = ExtResource( 1 )
_sections_unfolded = [ "Collision", "Transform" ]

[node name="Sprite" type="Sprite" parent="." index="0"]

rotation = 1.5708
texture = ExtResource( 2 )
_sections_unfolded = [ "Transform" ]

[node name="CollisionShape2D" type="CollisionShape2D" parent="." index="1"]

position = Vector2( 13, 5.68248e-007 )
rotation = 1.5708
shape = SubResource( 1 )
_sections_unfolded = [ "Transform" ]

[node name="Components" type="Node" parent="." index="2"]

[node name="Laser" parent="Components" index="0" instance=ExtResource( 3 )]

[node name="Velocity" parent="Components" index="1" instance=ExtResource( 4 )]

SPEED = 35

[node name="Moving" parent="Components" index="2" instance=ExtResource( 5 )]

[node name="Collides" parent="Components" index="3" instance=ExtResource( 6 )]

[node name="Timer" type="Timer" parent="." index="3"]

process_mode = 1
wait_time = 1.45
one_shot = true
autostart = true

[connection signal="timeout" from="Timer" to="." method="_on_Timer_timeout"]


