[gd_scene load_steps=12 format=2]

[ext_resource path="res://asteroids/tests/test_scene.tscn" type="PackedScene" id=1]
[ext_resource path="res://asteroids/systems/player/player_control_system.tscn" type="PackedScene" id=2]
[ext_resource path="res://asteroids/systems/player/player_shoot_system.tscn" type="PackedScene" id=3]
[ext_resource path="res://asteroids/systems/rotatable_system.tscn" type="PackedScene" id=4]
[ext_resource path="res://asteroids/systems/thrust_system.tscn" type="PackedScene" id=5]
[ext_resource path="res://asteroids/systems/friction_system.tscn" type="PackedScene" id=6]
[ext_resource path="res://asteroids/systems/debug_player_system.tscn" type="PackedScene" id=7]
[ext_resource path="res://asteroids/systems/moving_system.tscn" type="PackedScene" id=8]
[ext_resource path="res://asteroids/systems/wrap_system.tscn" type="PackedScene" id=9]
[ext_resource path="res://asteroids/entities/player.tscn" type="PackedScene" id=10]
[ext_resource path="res://asteroids/entities/debug_player.tscn" type="PackedScene" id=11]


[node name="TestPlayerSystems" index="0" instance=ExtResource( 1 )]

[node name="PlayerControlSystem" parent="Systems" index="0" instance=ExtResource( 2 )]

[node name="PlayerShootSystem" parent="Systems" index="1" instance=ExtResource( 3 )]

[node name="RotatableSystem" parent="Systems" index="2" instance=ExtResource( 4 )]

[node name="ThrustSystem" parent="Systems" index="3" instance=ExtResource( 5 )]

[node name="FrictionSystem" parent="Systems" index="4" instance=ExtResource( 6 )]

[node name="DebugPlayerSystem" parent="Systems" index="5" instance=ExtResource( 7 )]

COMPONENTS = ""

[node name="MovingSystem" parent="Systems" index="6" instance=ExtResource( 8 )]

[node name="WrapSystem" parent="Systems" index="7" instance=ExtResource( 9 )]

[node name="Player" parent="Entities" index="8" instance=ExtResource( 10 )]

[node name="DebugPlayer" parent="Entities" index="9" instance=ExtResource( 11 )]


