[gd_scene load_steps=3 format=2]

[ext_resource path="res://berzerk/entities/wall.tscn" type="PackedScene" id=1]
[ext_resource path="res://berzerk/entities/pillar.tscn" type="PackedScene" id=2]

[node name="WorkRoom" type="Node2D"]

[node name="Walls" type="Node2D" parent="."]
editor/display_folded = true

[node name="Top" type="Node2D" parent="Walls"]

[node name="WT1" parent="Walls/Top" instance=ExtResource( 1 )]
position = Vector2( 64, 48 )

[node name="WT2" parent="Walls/Top" instance=ExtResource( 1 )]
position = Vector2( 160, 48 )

[node name="WT3" parent="Walls/Top" instance=ExtResource( 1 )]
position = Vector2( 352, 48 )

[node name="WT4" parent="Walls/Top" instance=ExtResource( 1 )]
position = Vector2( 448, 48 )

[node name="Bottom" type="Node2D" parent="Walls"]
editor/display_folded = true

[node name="WB1" parent="Walls/Bottom" instance=ExtResource( 1 )]
position = Vector2( 64, 336 )

[node name="WB2" parent="Walls/Bottom" instance=ExtResource( 1 )]
position = Vector2( 160, 336 )

[node name="WB3" parent="Walls/Bottom" instance=ExtResource( 1 )]
position = Vector2( 352, 336 )

[node name="WB4" parent="Walls/Bottom" instance=ExtResource( 1 )]
position = Vector2( 448, 336 )

[node name="Left" type="Node2D" parent="Walls"]
editor/display_folded = true

[node name="WL1" parent="Walls/Left" instance=ExtResource( 1 )]
position = Vector2( 16, 96 )
rotation = 1.5708

[node name="WL2" parent="Walls/Left" instance=ExtResource( 1 )]
position = Vector2( 16, 288 )
rotation = 1.5708

[node name="Right" type="Node2D" parent="Walls"]
editor/display_folded = true

[node name="WR1" parent="Walls/Right" instance=ExtResource( 1 )]
position = Vector2( 496, 96 )
rotation = 1.5708

[node name="WR2" parent="Walls/Right" instance=ExtResource( 1 )]
position = Vector2( 496, 288 )
rotation = 1.5708
collision_layer = 8

[node name="Pillars" type="Node2D" parent="."]
editor/display_folded = true

[node name="Pillar00" parent="Pillars" instance=ExtResource( 2 )]
position = Vector2( 16, 48 )

[node name="Pillar01" parent="Pillars" instance=ExtResource( 2 )]
position = Vector2( 112, 48 )

[node name="Pillar02" parent="Pillars" instance=ExtResource( 2 )]
position = Vector2( 208, 48 )

[node name="Pillar03" parent="Pillars" instance=ExtResource( 2 )]
position = Vector2( 304, 48 )

[node name="Pillar04" parent="Pillars" instance=ExtResource( 2 )]
position = Vector2( 400, 48 )

[node name="Pillar05" parent="Pillars" instance=ExtResource( 2 )]
position = Vector2( 496, 48 )

[node name="Pillar06" parent="Pillars" instance=ExtResource( 2 )]
position = Vector2( 496, 144 )

[node name="Pillar07" parent="Pillars" instance=ExtResource( 2 )]
position = Vector2( 400, 144 )

[node name="Pillar08" parent="Pillars" instance=ExtResource( 2 )]
position = Vector2( 304, 144 )

[node name="Pillar09" parent="Pillars" instance=ExtResource( 2 )]
position = Vector2( 208, 144 )

[node name="Pillar10" parent="Pillars" instance=ExtResource( 2 )]
position = Vector2( 112, 144 )

[node name="Pillar11" parent="Pillars" instance=ExtResource( 2 )]
position = Vector2( 16, 144 )

[node name="Pillar12" parent="Pillars" instance=ExtResource( 2 )]
position = Vector2( 16, 240 )

[node name="Pillar13" parent="Pillars" instance=ExtResource( 2 )]
position = Vector2( 112, 240 )

[node name="Pillar14" parent="Pillars" instance=ExtResource( 2 )]
position = Vector2( 208, 240 )

[node name="Pillar15" parent="Pillars" instance=ExtResource( 2 )]
position = Vector2( 304, 240 )

[node name="Pillar16" parent="Pillars" instance=ExtResource( 2 )]
position = Vector2( 400, 240 )

[node name="Pillar17" parent="Pillars" instance=ExtResource( 2 )]
position = Vector2( 496, 240 )

[node name="Pillar18" parent="Pillars" instance=ExtResource( 2 )]
position = Vector2( 496, 336 )

[node name="Pillar19" parent="Pillars" instance=ExtResource( 2 )]
position = Vector2( 400, 336 )

[node name="Pillar20" parent="Pillars" instance=ExtResource( 2 )]
position = Vector2( 304, 336 )

[node name="Pillar21" parent="Pillars" instance=ExtResource( 2 )]
position = Vector2( 208, 336 )

[node name="Pillar22" parent="Pillars" instance=ExtResource( 2 )]
position = Vector2( 112, 336 )

[node name="Pillar23" parent="Pillars" instance=ExtResource( 2 )]
position = Vector2( 16, 336 )
